%%
%% This is file `example/bare_thesis.bib',
%% generated with the docstrip utility.
%%
%% The original source files were:
%%
%% install/buptgraduatethesis.dtx  (with options: `bare-thesis-bib')
%% 
%% This file is a part of the example of BUPTGraduateThesis.
%% 

@BUPTGraduateThesisBSTCTL{BSTcontrol,
  CTLmax_names_forced_etal = "3"
}

@ELECTRONIC{CHANGBANPO,
  author = "赵云 and 曹操 and 刘备 and 甘夫人 and 糜夫人",
  title = "长坂坡",
  organization = "长坂坡之战编组",
  howpublished = "online",
  url = "http://baike.baidu.com/subview/428389/5476054.htm",
  language = "chs"
}

@BOOK{SANGUOYANYI,
  author = "罗贯中",
  title = "三国演义",
  edition = "1",
  address = "山西太原",
  year = "元末明初",
  language = "chs"
}

@ELECTRONIC{BUPT_Thesis_Format_2010,
  title = "关于研究生学位论文格式的统一要求",
  organization = "北京邮电大学研究生院培养与学位办公室",
  year = "2010",
  howpublished = "online",
  refdate = "2013-07-06",
  url = "http://www.bupt.edu.cn/",
  language = "chs"
}

@ELECTRONIC{BUPT_Thesis_Format_2004,
  title = "关于研究生学位论文格式的统一要求",
  organization = "北京邮电大学研究生院培养与学位办公室",
  year = "2010",
  howpublished = "online",
  refdate = "2013-07-06",
  url = "http://www.bupt.edu.cn/",
  language = "chs"
}

@ELECTRONIC{latex-bupt,
  author = "王旭",
  title = "latex-bupt: \LaTeX style for {BUPT} thesis",
  year = "2007",
  howpublished = "online",
  refdate = "2009-01-14",
  url = "http://code.google.com/p/latex-bupt/",
  language = "chs"
}

@ELECTRONIC{thuthesis,
  author = "薛瑞尼",
  title = "清华大学学位论文 \LaTeX 模板",
  year = "2006",
  howpublished = "online",
  refdate = "2013-07-06",
  url = "http://sourceforge.net/projects/thuthesis/",
  language = "chs"
}

@ELECTRONIC{buptthesis,
  author = "张煜",
  title = "北京邮电大学研究生学位论文 \LaTeX{} 文档类",
  year = "2009",
  howpublished = "online",
  refdate = "2013-07-06",
  url = "http://code.google.com/p/buptthesis/",
  language = "chs"
}
%@inproceedings{Farbman:2011dc,
author = {Farbman, Zeev and Fattal, Raanan and Lischinski, Dani},
title = {{Convolution pyramids}},
booktitle = {the 2011 SIGGRAPH Asia Conference},
year = {2011},
pages = {1},
publisher = {ACM Press},
address = {New York, New York, USA},
annote = {Poisson Image Editing的改进方法，有source code}
}

@article{Lowe:2004uq,
author = {Lowe, David G},
title = {{Distinctive image features from scale-invariant keypoints}},
journal = {International Journal of Computer Vision},
year = {2004},
volume = {60},
number = {2},
pages = {91--110}
}

@article{Brown:2006ir,
author = {Brown, Matthew and Lowe, David G},
title = {{Automatic Panoramic Image Stitching using Invariant Features}},
journal = {International Journal of Computer Vision},
year = {2006},
volume = {74},
number = {1},
pages = {59--73},
month = dec
}

@article{Wen:2014ia,
author = {Wen, Y and Zhu, X and Rodrigues, J and Chen, C},
title = {{Cloud Mobile Media: Reflections and Outlook}},
journal = {Multimedia, IEEE Transactions on},
year = {2014},
number = {99},
pages = {1}
}

@article{Yue:2013gl,
author = {Yue, Huanjing and Sun, Xiaoyan and Yang, Jingyu and Wu, Feng},
title = {{Cloud-based Image Coding for Mobile Devices-Toward Thousands to One Compression}},
year = {2013}
}

@inproceedings{Hays:2008dq,
author = {Hays, J and Efros, A A},
title = {{IM2GPS: estimating geographic information from a single image}},
booktitle = {Computer Vision and Pattern Recognition, 2008. CVPR 2008. IEEE Conference on},
year = {2008},
pages = {1--8}
}

@article{Daneshi:2011wi,
author = {Daneshi, Maryam and Guo, Jiaqi},
title = {{Image reconstruction based on local feature descriptors}},
year = {2011}
}

@article{Dai:2012vn,
author = {Dai, Lican and Yue, Huanjing and Sun, Xiaoyan and Wu, Feng},
title = {{IMShare: instantly sharing your mobile landmark images by search-based reconstruction}},
year = {2012},
pages = {579--588}
}

@article{Yue:2013ki,
author = {Yue, H and Sun, X and Yang, J and Wu, F},
title = {{Landmark Image Super-Resolution by Retrieving Web Images}},
year = {2013}
}

@inproceedings{Philbin:2007fk,
author = {Philbin, J and Chum, O and Isard, M and Sivic, J and Zisserman, A},
title = {{Object retrieval with large vocabularies and fast spatial matching}},
booktitle = {Computer Vision and Pattern Recognition, 2007. CVPR '07. IEEE Conference on},
year = {2007},
pages = {1--8}
}

@inproceedings{Weinzaepfel:2011jh,
author = {Weinzaepfel, P and Jegou, H and Perez, P},
title = {{Reconstructing an image from its local descriptors}},
booktitle = {Computer Vision and Pattern Recognition (CVPR), 2011 IEEE Conference on},
year = {2011},
pages = {337--344}
}

@article{Wu:2013tb,
author = {Wu, Guan-Long and Kuo, Yin-Hsi and Chiu, Tzu-Hsuan and Hsu, Winston and Xie, Lexing},
title = {{Scalable mobile video retrieval with sparse projection learning and Pseudo label mining}},
year = {2013}
}

@article{Yue:2012bm,
author = {Yue, Huanjing and Sun, Xiaoyan and Wu, Feng and Yang, Jingyu},
title = {{SIFT-Based Image Compression}},
year = {2012},
pages = {473--478}
}

@article{Peng:2013cw,
author = {Peng, Bo and Zhang, Lei and Zhang, David},
title = {{A survey of graph theoretical approaches to image segmentation}},
journal = {Pattern Recognition},
year = {2013},
volume = {46},
number = {3},
pages = {1020--1038}
}

@article{Felzenszwalb:2004il,
author = {Felzenszwalb, Pedro F and Huttenlocher, Daniel P},
title = {{Efficient graph-based image segmentation}},
journal = {International Journal of Computer Vision},
year = {2004},
volume = {59},
number = {2},
pages = {167--181}
}

@article{Perez:2003ul,
author = {P{\'e}rez, Patrick and Gangnet, Michel and Blake, Andrew},
title = {{Poisson image editing}},
journal = {ACM Transactions on Graphics (TOG)},
year = {2003},
volume = {22},
number = {3},
pages = {313--318}
}

@article{Mikolajczyk:2004ws,
author = {Mikolajczyk, Krystian and Schmid, Cordelia},
title = {{Scale {\&} affine invariant interest point detectors}},
journal = {International Journal of Computer Vision},
year = {2004},
volume = {60},
number = {1},
pages = {63--86}
}

@inproceedings{Sun:2012ix,
author = {Sun, Libin and Hays, J},
title = {{Super-resolution from internet-scale scene matching}},
booktitle = {Computational Photography (ICCP), 2012 IEEE International Conference on},
year = {2012},
pages = {1--12}
}

@article{Hess:2010uk,
author = {Hess, Rob},
title = {{An open-source SIFTLibrary}},
year = {2010},
pages = {1493--1496}
}

@article{Whyte:2009tp,
author = {Whyte, Oliver and Sivic, Josef and Zisserman, Andrew},
title = {{Get Out of my Picture! Internet-based Inpainting.}},
year = {2009},
pages = {1--11}
}

@inproceedings{Zhao:2013ju,
author = {Zhao, Ye and Hong, Richang and Jiang, Jianguo and Wen, Jing and Zhang, Hengheng},
title = {{Image matching by fast random sample consensus}},
booktitle = {ICIMCS '13: Proceedings of the Fifth International Conference on Internet Multimedia Computing and Service},
year = {2013},
publisher = { ACM  Request Permissions},
month = aug
}

@article{Brown:2005uj,
author = {Brown, Matthew and Szeliski, Richard and Winder, Simon},
title = {{Multi-image matching using multi-scale oriented patches}},
year = {2005},
volume = {1},
pages = {510--517},
annote = {本文主要是利用不变特征进行全景图的拼接 

自适应非最大值抑制：
（有可能不适合我的要求，但是相关的思想可以借鉴）
1）为了加快匹配速度
2）为了让特征点能够在空间中更均匀的分布
3）本身匹配的时候两张图片对应的店就比较少

patch-based sampling of local image structure

本文还指出了怎样加快RANSAC的方式}
}

@article{Xu:2013wc,
author = {Xu, Pengfei and Zhang, Lei and Yang, Kuiyuan and Yao, Hongxun},
title = {{Nested-SIFT for Efficient Image Matching and Retrieval}},
year = {2013}
}

@article{Chandrasekhar:2010uc,
author = {Chandrasekhar, Vijay and Makar, Mina and Takacs, Gabriel and Chen, David and Tsai, Sam S and Cheung, Ngai-Man and Grzeszczuk, Radek and Reznik, Yuriy and Girod, Bernd},
title = {{Survey of SIFT compression schemes}},
year = {2010}
}

@article{POLICY:2013te,
author = {POLICY, N},
title = {{Web-Scale Near-Duplicate Search: Techniques and Applications}},
journal = {IEEE MultiMedia},
year = {2013}
}

@article{刘立:2008tb,
author = {{刘立} and {彭复员} and {赵坤} and {万亚平}},
title = {{采用简化 SIFT 算法实现快速图像匹配 [J]}},
journal = {红外与激光工程},
year = {2008},
volume = {37},
number = {1},
pages = {181--184}
}

@article{Li:2008vn,
author = {Li, Yanfang and Wang, Yaming and Huang, Wenqing and Zhang, Zuoli},
title = {{Automatic image stitching using SIFT}},
year = {2008},
pages = {568--571},
annote = {使用sift进行全景图拼接的一般步骤
Image matching的H变换这没有看的太懂
使用简单的blending方法}
}

@article{Yang:2008bg,
author = {Yang, Zhan-Long and Guo, Bao-Long},
title = {{Image mosaic based on SIFT}},
year = {2008},
pages = {1422--1425},
annote = {中规中矩的利用Sift进行全景拼接
和Automatic Image Stitching Using SIFT
基本一样}
}

@article{Anonymous:H08H67sr,
title = {{尺度不变特征变换匹配算法详解Scale Invariant Feature Transform(SIFT) Just For Fun}},
year = {2012},
pages = {1--26},
month = apr
}

@article{杨小辉:2013gi,
author = {{杨小辉} and {王敏}},
title = {{基于 ASIFT 的无缝图像拼接方法}},
journal = {Computer Engineering},
year = {2013},
volume = {39},
number = {2}
}

@article{程焱辉:2012tb,
author = {{程焱辉}},
title = {{基于 SIFT 算法的超分辨率图像重建}},
year = {2012}
}

@article{张建桥:2010vm,
author = {{张建桥} and {王长元}},
title = {{基于泊松方程的数字图像无缝拼合}},
journal = {现代电子技术},
year = {2010},
volume = {33},
number = {017},
pages = {139--141}
}

@article{李寒:2007uf,
author = {{李寒} and {牛纪桢} and {郭禾}},
title = {{基于特征点的全自动无缝图像拼接方法 [J]}},
journal = {计算机工程与设计},
year = {2007},
volume = {28},
number = {9},
pages = {2083--2085}
}

@article{郭六生:2011vc,
author = {{郭六生}},
title = {{基于特征点的图像配准技术研究}},
year = {2011}
}

@article{Anonymous:2009kt,
title = {{基于学习的超分辨率重建技术}},
year = {2009},
pages = {1--9},
month = aug
}

@article{孙吉贵:2008gd,
author = {{孙吉贵} and {刘杰} and {赵连宇}},
title = {{聚类算法研究}},
journal = {软件学报},
year = {2008},
volume = {19},
number = {1},
pages = {48--61}
}

@article{王永明:2010wj,
author = {{王永明}},
title = {{图像局部不变性特征与描述}},
year = {2010}
}

@article{Anonymous:MQLfg6ft,
title = {{重庆大学博士学位论文图像局部特征配准算法研究姓名:李正浩申请学位级别:博士专业:仪器科学与技术指导教师:龚卫国20091210}},
year = {2013},
pages = {1--96},
month = dec
}

@article{Liu:2007fv,
author = {Liu, Ying and Zhang, Dengsheng and Lu, Guojun and Ma, Wei-Ying},
title = {{A survey of content-based image retrieval with high-level semantics}},
journal = {Pattern Recognition},
year = {2007},
volume = {40},
number = {1},
pages = {262--282}
}

@article{Friedman:1977uo,
author = {Friedman, Jerome H and Bentley, Jon Louis and Finkel, Raphael Ari},
title = {{An algorithm for finding best matches in logarithmic expected time}},
journal = {ACM Transactions on Mathematical Software (TOMS)},
year = {1977},
volume = {3},
number = {3},
pages = {209--226}
}

@article{Miao:2007vy,
author = {Miao, Jing Xing and Zhenjiang},
title = {{An Improved Algorithm}},
year = {2007},
pages = {1--4},
month = jun
}

@article{Morel:2009wm,
author = {Morel, Jean-Michel and Yu, Guoshen},
title = {{ASIFT: A new framework for fully affine invariant image comparison}},
journal = {SIAM Journal on Imaging Sciences},
year = {2009},
volume = {2},
number = {2},
pages = {438--469}
}

@article{Cheng:2008vq,
author = {Cheng, Y and Zhou, Y and LIN, H and PAN, H},
title = {{Automatic Registration and Mosaic of Remote Sensed Imagery Based on SIFT Feature--《Remote Sensing Technology and Application》2008年06期}},
journal = {Remote Sensing Technology and {\ldots}},
year = {2008}
}

@inproceedings{Wu:2009bl,
author = {Wu, Zhong and Ke, Qifa and Isard, M and Sun, Jian},
title = {{Bundling features for large scale partial-duplicate web image search}},
booktitle = {Computer Vision and Pattern Recognition, 2009. CVPR 2009. IEEE Conference on},
year = {2009},
pages = {25--32}
}

@article{Dickscheid:2010jk,
author = {Dickscheid, Timo and Schindler, Falko and F{\"o}rstner, Wolfgang},
title = {{Coding Images with Local Features}},
journal = {International Journal of Computer Vision},
year = {2010},
volume = {94},
number = {2},
pages = {154--174},
month = apr
}

@article{Anonymous:A2EYXwDb,
title = {{Image Keypoint Detection, Description, and Matching}},
year = {2012},
pages = {1--27},
month = jul
}

@article{Demoment:1989tw,
author = {Demoment, Guy},
title = {{Image reconstruction and restoration: Overview of common estimation structures and problems}},
journal = {Acoustics, Speech and Signal Processing, IEEE Transactions on},
year = {1989},
volume = {37},
number = {12},
pages = {2024--2036}
}

@article{Jegou:2009jp,
author = {J{\'e}gou, Herv{\'e} and Douze, Matthijs and Schmid, Cordelia},
title = {{Improving Bag-of-Features for Large Scale Image Search}},
journal = {International Journal of Computer Vision},
year = {2009},
volume = {87},
number = {3},
pages = {316--336},
month = aug
}

@inproceedings{Dai:2013cu,
author = {Dai, Lican and Sun, Xiaoyan and Wu, Feng and Yu, Nenghai},
title = {{Large scale image retrieval with visual groups}},
booktitle = {Image Processing (ICIP), 2013 20th IEEE International Conference on},
year = {2013},
pages = {2582--2586}
}

@inproceedings{Dai:2013cua,
author = {Dai, Lican and Sun, Xiaoyan and Wu, Feng and Yu, Nenghai},
title = {{Large scale image retrieval with visual groups}},
booktitle = {Image Processing (ICIP), 2013 20th IEEE International Conference on},
year = {2013},
pages = {2582--2586}
}

@article{ZhongboShi:2012ue,
author = {Zhongbo Shi, Xiaoyan Sun and Feng Wu},
title = {{Cloud-Based Image Compression via Subband-Based Reconstruction}},
year = {2012},
pages = {1--13},
month = oct
}

@article{Girod:2011gw,
author = {Girod, B and Chandrasekhar, V and Chen, D M and Cheung, Ngai-Man and Grzeszczuk, R and Reznik, Y and Takacs, G and Tsai, S S and Vedantham, R},
title = {{Mobile Visual Search}},
journal = {Signal Processing Magazine, IEEE},
year = {2011},
volume = {28},
number = {4},
pages = {61--76}
}

@article{Tang:2008vi,
author = {Tang, Cheng-Yuan and Wu, Yi-Leh and Hor, Maw-Kae and Wang, Wen-Hung},
title = {{Modified SIFT descriptor for image matching under interference}},
year = {2008},
volume = {6},
pages = {3294--3300}
}

@article{Chum:2008jo,
author = {Chum, Ondrej and Philbin, James and Zisserman, Andrew},
title = {{Near Duplicate Image Detection: min-Hash and tf-idf Weighting.}},
year = {2008},
volume = {810},
pages = {812--815}
}

@article{Fischler:1981cv,
author = {Fischler, Martin A and Bolles, Robert C},
title = {{Random sample consensus: a paradigm for model fitting with applications to image analysis and automated cartography}},
journal = {Communications of the ACM},
year = {1981},
volume = {24},
number = {6},
month = jun
}

@article{DENG:2009ti,
author = {DENG, R and LI, X},
title = {{Robust image mosaic algorithm based on SIFT feature matching--《Journal of Computer Applications》2009年S1期}},
journal = {Journal of Computer Applications},
year = {2009}
}

@article{Hays:2008vz,
author = {Hays, James and Efros, Alexei A},
title = {{Scene completion using millions of photographs}},
journal = {Communications of the ACM},
year = {2008},
volume = {51},
number = {10},
pages = {87--94}
}

@article{Park:2003hg,
author = {Park, Sung Cheol and Park, Min Kyu and Kang, Moon Gi},
title = {{Super-resolution image reconstruction: a technical overview}},
journal = {Signal Processing Magazine, IEEE},
year = {2003},
volume = {20},
number = {3},
pages = {21--36}
}

@article{Negrel:2013ur,
author = {Negrel, Romain and Picard, David and Gosselin, P},
title = {{Web scale image retrieval using compact tensor aggregation of visual descriptors}},
year = {2013}
}

@article{Li:2013ks,
author = {Li, Liang and Jiang, Shuqiang and Zha, Zheng-Jun and Wu, Zhipeng and Huang, Qingming},
title = {{Partial-Duplicate Image Retrieval via Saliency-Guided Visual Matching}},
journal = {MultiMedia, IEEE},
year = {2013},
volume = {20},
number = {3},
pages = {13--23}
}
@article{Szeliski:2010ww,
author = {Szeliski, Richard},
title = {{Computer vision: algorithms and applications}},
year = {2010}
}
@article{Dubrofsky:2009tz,
author = {Dubrofsky, Elan},
title = {{Homography estimation}},
year = {2009}
}